<record xmlns="http://www.loc.gov/MARC21/slim">
  <leader>01333ngm a22002895a 4500</leader>
  <controlfield tag="001">11564873</controlfield>
  <controlfield tag="005">00000000000000.0</controlfield>
  <controlfield tag="008">910522s1991    gw                mleng  </controlfield>
  <datafield tag="035" ind1=" " ind2=" ">
    <subfield code="9">(DLC)   91727236</subfield>
  </datafield>
  <datafield tag="906" ind1=" " ind2=" ">
    <subfield code="a">0</subfield>
    <subfield code="b">ibc</subfield>
    <subfield code="c">orignew</subfield>
    <subfield code="d">u</subfield>
    <subfield code="e">ncip</subfield>
    <subfield code="f">19</subfield>
    <subfield code="g">y-movingim</subfield>
  </datafield>
  <datafield tag="010" ind1=" " ind2=" ">
    <subfield code="a">   91727236 </subfield>
  </datafield>
  <controlfield tag="007">m| ||||||||||||||------</controlfield>
  <datafield tag="040" ind1=" " ind2=" ">
    <subfield code="a">DLC</subfield>
    <subfield code="c">DLC</subfield>
    <subfield code="e">amim</subfield>
  </datafield>
  <datafield tag="050" ind1="0" ind2="0">
    <subfield code="a">FBC 3287 (ref print)</subfield>
  </datafield>
  <datafield tag="245" ind1="0" ind2="0">
    <subfield code="a">Deutschlandspiegel.</subfield>
    <subfield code="n">1991-04 =</subfield>
    <subfield code="b">The German scene. 1991-04 /</subfield>
    <subfield code="c">Deutsche Reportagefilm.</subfield>
  </datafield>
  <datafield tag="257" ind1=" " ind2=" ">
    <subfield code="a">Germany.</subfield>
  </datafield>
  <datafield tag="260" ind1=" " ind2=" ">
    <subfield code="a">Germany :</subfield>
    <subfield code="b">Deutsche Reportagefilm,</subfield>
    <subfield code="c">1991-04.</subfield>
  </datafield>
  <datafield tag="300" ind1=" " ind2=" ">
    <subfield code="a">1 reel of 1 :</subfield>
    <subfield code="b">sd., col. ;</subfield>
    <subfield code="c">16 mm. ref print.</subfield>
  </datafield>
  <datafield tag="500" ind1=" " ind2=" ">
    <subfield code="a">Minor change version: [English language version]. -- United States : Deutsche Reportagefilm, 1991-04.</subfield>
  </datafield>
  <datafield tag="500" ind1=" " ind2=" ">
    <subfield code="a">No. 439.</subfield>
  </datafield>
  <datafield tag="505" ind1="0" ind2=" ">
    <subfield code="a">Theatre in Germany -- Angela Merkel: minister for women and youth affairs -- German development aid: knowledge transfer -- Duisburg: largest inland port in the world -- Learning German to music -- Indoor hockey.</subfield>
  </datafield>
  <datafield tag="500" ind1=" " ind2=" ">
    <subfield code="a">Precis available in the M/B/RS reading room.</subfield>
    <subfield code="5">DLC</subfield>
  </datafield>
  <datafield tag="541" ind1=" " ind2=" ">
    <subfield code="d">Received: 05/22/91;</subfield>
    <subfield code="3">ref print;</subfield>
    <subfield code="c">gift;</subfield>
    <subfield code="a">German Information Center Collection.</subfield>
  </datafield>
  <datafield tag="710" ind1="2" ind2=" ">
    <subfield code="a">German Information Center Collection (Library of Congress)</subfield>
    <subfield code="5">DLC</subfield>
  </datafield>
  <datafield tag="740" ind1="0" ind2=" ">
    <subfield code="a">German scene.</subfield>
    <subfield code="n">1991-04.</subfield>
  </datafield>
  <datafield tag="953" ind1=" " ind2=" ">
    <subfield code="a">TE01</subfield>
  </datafield>
  <datafield tag="991" ind1=" " ind2=" ">
    <subfield code="b">c-MP&amp;TV</subfield>
    <subfield code="h">FBC 3287 (ref print)</subfield>
    <subfield code="w">MUMS VM File</subfield>
  </datafield>
</record>