
<record xmlns="http://www.loc.gov/MARC21/slim">
  <leader>01691ngm a22003135a 4500</leader>
  <controlfield tag="001">11731786</controlfield>
  <controlfield tag="005">00000000000000.0</controlfield>
  <controlfield tag="008">990521s1997    xx 014            vleng  </controlfield>
  <datafield tag="035" ind1=" " ind2=" ">
    <subfield code="9">(DLC)   99406156</subfield>
  </datafield>
  <datafield tag="906" ind1=" " ind2=" ">
    <subfield code="a">0</subfield>
    <subfield code="b">ibc</subfield>
    <subfield code="c">orignew</subfield>
    <subfield code="d">u</subfield>
    <subfield code="e">ncip</subfield>
    <subfield code="f">19</subfield>
    <subfield code="g">y-movingim</subfield>
  </datafield>
  <datafield tag="010" ind1=" " ind2=" ">
    <subfield code="a">   99406156 </subfield>
  </datafield>
  <controlfield tag="007">v| ||||||</controlfield>
  <datafield tag="040" ind1=" " ind2=" ">
    <subfield code="a">DLC</subfield>
    <subfield code="c">DLC</subfield>
    <subfield code="e">amim</subfield>
  </datafield>
  <datafield tag="041" ind1="1" ind2=" ">
    <subfield code="a">eng</subfield>
    <subfield code="h">ger</subfield>
  </datafield>
  <datafield tag="050" ind1="0" ind2="0">
    <subfield code="a">VAG 5435 (viewing copy)</subfield>
  </datafield>
  <datafield tag="245" ind1="0" ind2="0">
    <subfield code="a">Deutschlandspiegel.</subfield>
    <subfield code="n">[1997-10] =</subfield>
    <subfield code="b">The German scene. [1997-10].</subfield>
  </datafield>
  <datafield tag="246" ind1="3" ind2="1">
    <subfield code="a">German scene.</subfield>
    <subfield code="n">1997-10</subfield>
  </datafield>
  <datafield tag="260" ind1=" " ind2=" ">
    <subfield code="a">United States :</subfield>
    <subfield code="b">Deutsche Reportagefilm,</subfield>
    <subfield code="c">1997.</subfield>
  </datafield>
  <datafield tag="300" ind1=" " ind2=" ">
    <subfield code="a">1 videocassette of 1 (VHS) (ca. 14 min.) :</subfield>
    <subfield code="b">sd., col. ;</subfield>
    <subfield code="c">1/2 in. viewing copy.</subfield>
  </datafield>
  <datafield tag="500" ind1=" " ind2=" ">
    <subfield code="a">LC copy is dubbed in English. It was produced in Germany, distributed in the U.S., and not intended for German distribution.</subfield>
  </datafield>
  <datafield tag="500" ind1=" " ind2=" ">
    <subfield code="a">No. 517.</subfield>
  </datafield>
  <datafield tag="505" ind1="0" ind2=" ">
    <subfield code="a">I. Federal Environment Minister Angela Merkel in the Bitterfeld region -- II. The Rhine, industry and tourism on Germany&apos;s most important inland waterway -- III. Aspirin, used for 100 years, now against cancer, too -- IV. A new beginning, Chinese pencils made in Mecklenburg-Western Pomerania -- V. Anne-Sophie Mutter, a world star enthralling audiences.</subfield>
  </datafield>
  <datafield tag="500" ind1=" " ind2=" ">
    <subfield code="a">Sources used: Deutschlandspiegel content descriptions in M/B/RS (see reference librarian); phone call to the German Information Center, 1/27/95.</subfield>
  </datafield>
  <datafield tag="541" ind1=" " ind2=" ">
    <subfield code="d">Received: 04/05/99;</subfield>
    <subfield code="3">viewing copy;</subfield>
    <subfield code="c">exchange;</subfield>
    <subfield code="a">German Information Center Collection.</subfield>
  </datafield>
  <datafield tag="655" ind1=" " ind2="7">
    <subfield code="a">Educational</subfield>
    <subfield code="v">Series.</subfield>
    <subfield code="2">migfg</subfield>
  </datafield>
  <datafield tag="655" ind1=" " ind2="7">
    <subfield code="a">Magazine</subfield>
    <subfield code="v">Series.</subfield>
    <subfield code="2">migfg</subfield>
  </datafield>
  <datafield tag="710" ind1="2" ind2=" ">
    <subfield code="a">German Information Center Collection (Library of Congress)</subfield>
    <subfield code="5">DLC</subfield>
  </datafield>
  <datafield tag="953" ind1=" " ind2=" ">
    <subfield code="a">TE01</subfield>
  </datafield>
  <datafield tag="991" ind1=" " ind2=" ">
    <subfield code="b">c-MP&amp;TV</subfield>
    <subfield code="h">VAG 5435 (viewing copy)</subfield>
    <subfield code="w">MUMS VM File</subfield>
  </datafield>
</record>