
<record xmlns="http://www.loc.gov/MARC21/slim">
  <leader>02437cam a2200337 a 4500</leader>
  <controlfield tag="001">14533284</controlfield>
  <controlfield tag="005">20080703085139.0</controlfield>
  <controlfield tag="008">060905s2006    nyua     b    001 0 eng  </controlfield>
  <datafield tag="906" ind1=" " ind2=" ">
    <subfield code="a">7</subfield>
    <subfield code="b">cbc</subfield>
    <subfield code="c">orignew</subfield>
    <subfield code="d">1</subfield>
    <subfield code="e">ecip</subfield>
    <subfield code="f">20</subfield>
    <subfield code="g">y-gencatlg</subfield>
  </datafield>
  <datafield tag="925" ind1="0" ind2=" ">
    <subfield code="a">acquire</subfield>
    <subfield code="b">2 shelf copies</subfield>
    <subfield code="x">policy default</subfield>
  </datafield>
  <datafield tag="955" ind1=" " ind2=" ">
    <subfield code="a">sc19 2006-09-05</subfield>
    <subfield code="c">sc19 2006-09-05</subfield>
    <subfield code="d">sc05 2006-09-05(rev. sc02)</subfield>
    <subfield code="a">aa19 2006-09-14</subfield>
    <subfield code="a">ps04 2007-06-21 2 copies rec&apos;d., to CIP ver.</subfield>
    <subfield code="f">pv21 2007-06-26 CIP ver. two copies to BCCD</subfield>
  </datafield>
  <datafield tag="010" ind1=" " ind2=" ">
    <subfield code="a">  2006029299</subfield>
  </datafield>
  <datafield tag="020" ind1=" " ind2=" ">
    <subfield code="a">1845452836 (pbk. : alk. paper)</subfield>
  </datafield>
  <datafield tag="020" ind1=" " ind2=" ">
    <subfield code="a">9781845452834 (pbk. : alk. paper)</subfield>
  </datafield>
  <datafield tag="035" ind1=" " ind2=" ">
    <subfield code="a">(OCoLC)ocm71348634</subfield>
  </datafield>
  <datafield tag="035" ind1=" " ind2=" ">
    <subfield code="a">(OCoLC)71348634</subfield>
  </datafield>
  <datafield tag="040" ind1=" " ind2=" ">
    <subfield code="a">DLC</subfield>
    <subfield code="c">DLC</subfield>
    <subfield code="d">BAKER</subfield>
    <subfield code="d">C#P</subfield>
    <subfield code="d">YDXCP</subfield>
    <subfield code="d">BTCTA</subfield>
    <subfield code="d">DLC</subfield>
  </datafield>
  <datafield tag="043" ind1=" " ind2=" ">
    <subfield code="a">e-gx---</subfield>
  </datafield>
  <datafield tag="050" ind1="0" ind2="0">
    <subfield code="a">JN3971.A95</subfield>
    <subfield code="b">L38 2006</subfield>
  </datafield>
  <datafield tag="082" ind1="0" ind2="0">
    <subfield code="a">324.943/0882</subfield>
    <subfield code="2">22</subfield>
  </datafield>
  <datafield tag="245" ind1="0" ind2="0">
    <subfield code="a">Launching the grand coalition :</subfield>
    <subfield code="b">the 2005 Bundestag election and the future of German politics /</subfield>
    <subfield code="c">edited by Eric Langenbacher.</subfield>
  </datafield>
  <datafield tag="260" ind1=" " ind2=" ">
    <subfield code="a">New York :</subfield>
    <subfield code="b">Berghahn Books,</subfield>
    <subfield code="c">2006.</subfield>
  </datafield>
  <datafield tag="300" ind1=" " ind2=" ">
    <subfield code="a">vi, 202 p. :</subfield>
    <subfield code="b">ill. ;</subfield>
    <subfield code="c">24 cm.</subfield>
  </datafield>
  <datafield tag="504" ind1=" " ind2=" ">
    <subfield code="a">Includes bibliographical references and index.</subfield>
  </datafield>
  <datafield tag="505" ind1="0" ind2=" ">
    <subfield code="a">Introduction : the drama of 2005 and the future of German politics / Eric Langenbacher -- The tipping point : the 2005 election and the deconsolidation of the German party system? / David Conradt -- The extraordinary Bundestag election of 2005 : the interplay of long-term trends and short-term factors / Hermann Schmitt and Andreas M. Wüst -- The grand coalition : precedents and prospects / Ludger Helms -- From high hopes to on-going defeat : the new extreme Right&apos;s political mobilization and its national electoral failure in Germany / Lars Rensmann -- Angela Merkel : what does it mean to run as a woman? / Myra Marx-Ferree -- Merkel&apos;s EU policy : &quot;Kohl&apos;s Mädchen&quot; or interest-driven politics? / Dorothee Heisenberger  -- The change in government and transatlantic relations / Jackson Janes -- Honecker&apos;s revenge : the enduring legacy of German unification in the 2005 election / Jeffrey Kopstein and Daniel Ziblatt -- From the outside in : Angela Merkel and the CDU / Clay Clemens.</subfield>
  </datafield>
  <datafield tag="610" ind1="1" ind2="0">
    <subfield code="a">Germany.</subfield>
    <subfield code="b">Bundestag</subfield>
    <subfield code="x">Elections, 2005.</subfield>
  </datafield>
  <datafield tag="650" ind1=" " ind2="0">
    <subfield code="a">Coalitions</subfield>
    <subfield code="z">Germany.</subfield>
  </datafield>
  <datafield tag="651" ind1=" " ind2="0">
    <subfield code="a">Germany</subfield>
    <subfield code="x">Politics and government</subfield>
    <subfield code="y">1990-</subfield>
  </datafield>
  <datafield tag="700" ind1="1" ind2=" ">
    <subfield code="a">Langenbacher, Eric.</subfield>
  </datafield>
  <datafield tag="856" ind1="4" ind2="1">
    <subfield code="3">Table of contents only</subfield>
    <subfield code="u">http://www.loc.gov/catdir/toc/ecip0620/2006029299.html</subfield>
  </datafield>
  <datafield tag="856" ind1="4" ind2="2">
    <subfield code="3">Book review (H-Net)</subfield>
    <subfield code="u">http://www.h-net.org/review/hrev-a0f7i6-aa</subfield>
  </datafield>
</record>