
<record xmlns="http://www.loc.gov/MARC21/slim">
  <leader>03131cam a2200421 i 4500</leader>
  <controlfield tag="001">16504168</controlfield>
  <controlfield tag="005">20120307102132.0</controlfield>
  <controlfield tag="008">101008t20102010gw a     b    000 0 ger c</controlfield>
  <datafield tag="906" ind1=" " ind2=" ">
    <subfield code="a">7</subfield>
    <subfield code="b">cbc</subfield>
    <subfield code="c">pccadap</subfield>
    <subfield code="d">3</subfield>
    <subfield code="e">ncip</subfield>
    <subfield code="f">20</subfield>
    <subfield code="g">y-gencatlg</subfield>
  </datafield>
  <datafield tag="923" ind1=" " ind2=" ">
    <subfield code="d">20101011</subfield>
    <subfield code="n">0219550</subfield>
    <subfield code="s">GyWOH</subfield>
  </datafield>
  <datafield tag="925" ind1="0" ind2=" ">
    <subfield code="a">acquire</subfield>
    <subfield code="b">1 shelf copy</subfield>
    <subfield code="x">policy default</subfield>
  </datafield>
  <datafield tag="955" ind1=" " ind2=" ">
    <subfield code="b">fd21 2012-03-06 z-processor</subfield>
    <subfield code="i">fd21 2012-03-07 to BCCD</subfield>
  </datafield>
  <datafield tag="010" ind1=" " ind2=" ">
    <subfield code="a">  2010536514</subfield>
  </datafield>
  <datafield tag="016" ind1="7" ind2=" ">
    <subfield code="a">99978689X</subfield>
    <subfield code="2">DE-101</subfield>
  </datafield>
  <datafield tag="020" ind1=" " ind2=" ">
    <subfield code="a">9783531174143 (pbk.)</subfield>
  </datafield>
  <datafield tag="020" ind1=" " ind2=" ">
    <subfield code="a">3531174142 (pbk.)</subfield>
  </datafield>
  <datafield tag="035" ind1=" " ind2=" ">
    <subfield code="a">(OCoLC)ocn670313991</subfield>
  </datafield>
  <datafield tag="040" ind1=" " ind2=" ">
    <subfield code="a">GyWOH</subfield>
    <subfield code="b">eng</subfield>
    <subfield code="c">N15</subfield>
    <subfield code="e">rda</subfield>
    <subfield code="d">STF</subfield>
    <subfield code="d">PUL</subfield>
    <subfield code="d">CHRRO</subfield>
    <subfield code="d">DLC</subfield>
  </datafield>
  <datafield tag="042" ind1=" " ind2=" ">
    <subfield code="a">pcc</subfield>
  </datafield>
  <datafield tag="050" ind1="0" ind2="0">
    <subfield code="a">JN3971.A95</subfield>
    <subfield code="b">M36 2010</subfield>
  </datafield>
  <datafield tag="245" ind1="0" ind2="4">
    <subfield code="a">Die Massenmedien im Wahlkampf :</subfield>
    <subfield code="b">das Wahljahr 2009 /</subfield>
    <subfield code="c">Christina Holtz-Bacha (Hrsg.).</subfield>
  </datafield>
  <datafield tag="250" ind1=" " ind2=" ">
    <subfield code="a">1. Auflage.</subfield>
  </datafield>
  <datafield tag="260" ind1=" " ind2=" ">
    <subfield code="a">Wiesbaden :</subfield>
    <subfield code="b">VS Verlag für Sozialwissenschaften,</subfield>
    <subfield code="c">2010, ©2010.</subfield>
  </datafield>
  <datafield tag="300" ind1=" " ind2=" ">
    <subfield code="a">375 pages :</subfield>
    <subfield code="b">illustrations ;</subfield>
    <subfield code="c">21 cm</subfield>
  </datafield>
  <datafield tag="336" ind1=" " ind2=" ">
    <subfield code="a">text</subfield>
    <subfield code="2">rdacontent</subfield>
  </datafield>
  <datafield tag="337" ind1=" " ind2=" ">
    <subfield code="a">unmediated</subfield>
    <subfield code="2">rdamedia</subfield>
  </datafield>
  <datafield tag="338" ind1=" " ind2=" ">
    <subfield code="a">volume</subfield>
    <subfield code="2">rdacarrier</subfield>
  </datafield>
  <datafield tag="504" ind1=" " ind2=" ">
    <subfield code="a">Includes bibliographical references.</subfield>
  </datafield>
  <datafield tag="505" ind1="0" ind2=" ">
    <subfield code="a">Wahljahr 2009--Professionalisierung verzögert? / Christina Holtz-Bacha -- Europawahl 2009 : Wahlkampf im Schatten der Bundestagswahl oder doch eine europäische Kampagne? / Christina Holtz-Bacha &amp; Jacob Leidenberger -- Kampagnenrezeption und Beteiligung an der Europawahl 2009 : eine Analyse auf der Basis einer Onlinebefragung / Harald Schoen -- &quot;Wir haben mehr zu bieten&quot; : die Plakatkampagnen zu Europa- und Bundestagswahl / Eva-Maria Lessinger &amp; Christina Holtz-Bacha -- Angreifende Plakatwerbung im Wahlkampf--effektiv oder riskant? : ein Experiment aus Anlass der SPD-Europaplakate 2009 / Melanie Leidecker -- Auge in Auge mit Kandidatinnen und Kandidaten : emotionale Reaktionen auf Politikerplakate / Christina Holtz-Bacha &amp; Eva-Maria Lessinger -- Politik häppchenweise : die Fernsehwahlwerbung der Parteien zur Europa- und Bundestagswahl / Christina Holtz-Bacha -- Normalisierung 2.0 : die Online-Wahlkämpfe deutscher Parteien zu den Bundestagswahlen 2002-2009 / Eva Schweitzer -- Wie viele Fans hat Angela Merkel? : Wahlkampf in Social Network Sites / Reimar Zeb -- &quot;Unterhaltend, nicht repräsentativ&quot; : die Bundestagswahl 2009 als Politshow auf Pro7 / Jörg-Uwe Nieland -- &quot;Ich beantworte die Fragen so, wie ich mir das vorgenommen habe...&quot; : eine dialoganalytische Untersuchung der Fernseh-Duelle im Wahlkampf 2009 / Christoph Tapper &amp; Thorsten Quandt -- Die Protagonisten in der Fernseharena : Merkel und Steinmeier in der Berichterstattung über den Wahlkampf 2009 / Winfried Schulz &amp; Reimar Zeb -- Ein Wahlkampf, der keiner war? : die Presseberichterstattung zur Bundestagswahl 2009 im Langzeitvergleich / Jürgen Wilke &amp; Melanie Leidecker.</subfield>
  </datafield>
  <datafield tag="650" ind1=" " ind2="0">
    <subfield code="a">Political campaigns</subfield>
    <subfield code="z">Germany.</subfield>
  </datafield>
  <datafield tag="650" ind1=" " ind2="0">
    <subfield code="a">Elections</subfield>
    <subfield code="z">Germany.</subfield>
  </datafield>
  <datafield tag="650" ind1=" " ind2="0">
    <subfield code="a">Mass media</subfield>
    <subfield code="x">Political aspects</subfield>
    <subfield code="z">Germany.</subfield>
  </datafield>
  <datafield tag="650" ind1=" " ind2="0">
    <subfield code="a">Communication in politics</subfield>
    <subfield code="z">Germany.</subfield>
  </datafield>
  <datafield tag="610" ind1="1" ind2="0">
    <subfield code="a">Germany.</subfield>
    <subfield code="b">Bundestag</subfield>
    <subfield code="x">Elections, 2009.</subfield>
  </datafield>
  <datafield tag="700" ind1="1" ind2=" ">
    <subfield code="a">Holtz-Bacha, Christina.</subfield>
  </datafield>
  <datafield tag="936" ind1=" " ind2=" ">
    <subfield code="a">PR 664394020</subfield>
  </datafield>
  <datafield tag="955" ind1=" " ind2=" ">
    <subfield code="b">fd21 2010-12-01</subfield>
    <subfield code="a">fd00 2011-02-07 to GS/GER</subfield>
  </datafield>
  <datafield tag="985" ind1=" " ind2=" ">
    <subfield code="e">VENDOR LOAD</subfield>
  </datafield>
</record>