
<record xmlns="http://www.loc.gov/MARC21/slim">
  <leader>02770cam a22003374a 4500</leader>
  <controlfield tag="001">15326339</controlfield>
  <controlfield tag="005">20090831150750.0</controlfield>
  <controlfield tag="008">080611s2009    caua     b    001 0 eng c</controlfield>
  <datafield tag="906" ind1=" " ind2=" ">
    <subfield code="a">7</subfield>
    <subfield code="b">cbc</subfield>
    <subfield code="c">orignew</subfield>
    <subfield code="d">1</subfield>
    <subfield code="e">ecip</subfield>
    <subfield code="f">20</subfield>
    <subfield code="g">y-gencatlg</subfield>
  </datafield>
  <datafield tag="925" ind1="0" ind2=" ">
    <subfield code="a">acquire</subfield>
    <subfield code="b">2 shelf copies</subfield>
    <subfield code="x">policy default</subfield>
  </datafield>
  <datafield tag="955" ind1=" " ind2=" ">
    <subfield code="a">CSt</subfield>
    <subfield code="e">lg22 2008-06-12 to Dewey</subfield>
    <subfield code="a">aa24 2008-06-17</subfield>
    <subfield code="a">xe05 2009-05-20 1 copy rec&apos;d., to CIP ver.</subfield>
    <subfield code="f">rg07 2009-05-28</subfield>
    <subfield code="g">rg07 2009-05-28</subfield>
    <subfield code="a">rc11 2009-06-23 copy 2 added</subfield>
  </datafield>
  <datafield tag="010" ind1=" " ind2=" ">
    <subfield code="a">  2008026105</subfield>
  </datafield>
  <datafield tag="020" ind1=" " ind2=" ">
    <subfield code="a">9780804758277 (cloth : alk. paper)</subfield>
  </datafield>
  <datafield tag="040" ind1=" " ind2=" ">
    <subfield code="a">CSt/DLC</subfield>
    <subfield code="c">DLC</subfield>
    <subfield code="d">DLC</subfield>
  </datafield>
  <datafield tag="042" ind1=" " ind2=" ">
    <subfield code="a">pcc</subfield>
  </datafield>
  <datafield tag="050" ind1="0" ind2="0">
    <subfield code="a">PN56.S57</subfield>
    <subfield code="b">R44 2009</subfield>
  </datafield>
  <datafield tag="082" ind1="0" ind2="0">
    <subfield code="a">809/.93353</subfield>
    <subfield code="2">22</subfield>
  </datafield>
  <datafield tag="245" ind1="0" ind2="4">
    <subfield code="a">The rhetoric of sincerity /</subfield>
    <subfield code="c">edited by Ernst van Alphen, Mieke Bal, and Carel Smith.</subfield>
  </datafield>
  <datafield tag="260" ind1=" " ind2=" ">
    <subfield code="a">Stanford, Calif. :</subfield>
    <subfield code="b">Stanford University Press,</subfield>
    <subfield code="c">c2009.</subfield>
  </datafield>
  <datafield tag="300" ind1=" " ind2=" ">
    <subfield code="a">xii, 338 p. :</subfield>
    <subfield code="b">ill. ;</subfield>
    <subfield code="c">23 cm.</subfield>
  </datafield>
  <datafield tag="440" ind1=" " ind2="0">
    <subfield code="a">Cultural memory in the present</subfield>
  </datafield>
  <datafield tag="504" ind1=" " ind2=" ">
    <subfield code="a">Includes bibliographical references (p. [305]-322) and index.</subfield>
  </datafield>
  <datafield tag="505" ind1="0" ind2=" ">
    <subfield code="a">Sincerity as subjectivity effect -- &quot;Why do you tear me from Myself?&quot; : torture, truth, and the arts of the Counter-Reformation / Jane Taylor -- Melody and monotone : performing sincerity in republican France / Katherine Bergeron -- The irreconcilability of hypocrisy and sincerity / Frans-Willem Korsten -- The rhetoric of justification : the preponderance of decisions over rules / Carel Smith -- Must we (NOT) mean what we say? : seriousness and sincerity in the work of J.L. Austin and Stanley Cavell / Hent de Vries -- Declining sincerity -- Can the subaltern confess? : Pasolini, Gramsci, Foucault, and the deployment of sexuality / Cesare Casarino -- Like a dog : narrative and confession in J. M. Coetzee&apos;s Disgrace and The lives of animals / Yasco Horsman -- Putting sincerity to work : acquiescence and refusal in postfordist art / David McNeill -- When sincerity fails : literatures of migration and the emblematic labor of personhood / Leslie A. Adelson -- Sincerity as a media effect -- A feeling of insincerity : politics, ventriloquy, and the dialectics of gesture in mediality / Jill Bennet -- Derrida on film : staging spectral sincerity / Michael Bachmann -- Documenting September 11th : trauma and the (im)possibility of sincerity / Alison Young -- Being Angela Merkel / Maaike Bleeker -- &quot;Saying everything&quot; and affected self-disclosure in the works of Reinaldo Arenas and Hervé Guibert / Reindert Dhondt.</subfield>
  </datafield>
  <datafield tag="650" ind1=" " ind2="0">
    <subfield code="a">Sincerity in literature.</subfield>
  </datafield>
  <datafield tag="650" ind1=" " ind2="0">
    <subfield code="a">Sincerity</subfield>
    <subfield code="x">Political aspects.</subfield>
  </datafield>
  <datafield tag="650" ind1=" " ind2="0">
    <subfield code="a">Sincerity</subfield>
    <subfield code="x">Social aspects.</subfield>
  </datafield>
  <datafield tag="700" ind1="1" ind2=" ">
    <subfield code="a">Alphen, Ernst van.</subfield>
  </datafield>
  <datafield tag="700" ind1="1" ind2=" ">
    <subfield code="a">Bal, Mieke,</subfield>
    <subfield code="d">1946-</subfield>
  </datafield>
  <datafield tag="700" ind1="1" ind2=" ">
    <subfield code="a">Smith, C. E.</subfield>
    <subfield code="q">(Carel E.)</subfield>
  </datafield>
  <datafield tag="856" ind1="4" ind2="1">
    <subfield code="3">Table of contents only</subfield>
    <subfield code="u">http://www.loc.gov/catdir/toc/ecip0820/2008026105.html</subfield>
  </datafield>
  <datafield tag="985" ind1=" " ind2=" ">
    <subfield code="a">CStCIP</subfield>
    <subfield code="d">2008-06-11</subfield>
  </datafield>
</record>