
<record xmlns="http://www.loc.gov/MARC21/slim">
  <leader>04105cam a2200361 a 4500</leader>
  <controlfield tag="001">15149644</controlfield>
  <controlfield tag="005">20110506141953.0</controlfield>
  <controlfield tag="008">080122s2008    fluab    b    001 0 eng  </controlfield>
  <datafield tag="906" ind1=" " ind2=" ">
    <subfield code="a">7</subfield>
    <subfield code="b">cbc</subfield>
    <subfield code="c">orignew</subfield>
    <subfield code="d">1</subfield>
    <subfield code="e">ecip</subfield>
    <subfield code="f">20</subfield>
    <subfield code="g">y-gencatlg</subfield>
  </datafield>
  <datafield tag="925" ind1="0" ind2=" ">
    <subfield code="a">acquire</subfield>
    <subfield code="b">2 shelf copies</subfield>
    <subfield code="x">policy default</subfield>
    <subfield code="e">claim1  2010-02-17</subfield>
    <subfield code="e">claim2  2010-06-18</subfield>
  </datafield>
  <datafield tag="955" ind1=" " ind2=" ">
    <subfield code="a">jf02 2008-01-22</subfield>
    <subfield code="c">jf02 2008-01-22</subfield>
    <subfield code="d">jf02 2008-01-22</subfield>
    <subfield code="e">jf02 2008-01-22  to Dewey</subfield>
    <subfield code="a">aa07 2008-01-22</subfield>
    <subfield code="a">xe07 2010-07-26 1 copy rec&apos;d., to CIP ver.</subfield>
    <subfield code="f">re12 2010-08-12 Z-CipVer telework to BCCD</subfield>
    <subfield code="t">xg22 2011-05-06 copy 2 added</subfield>
  </datafield>
  <datafield tag="010" ind1=" " ind2=" ">
    <subfield code="a">  2008003160</subfield>
  </datafield>
  <datafield tag="015" ind1=" " ind2=" ">
    <subfield code="a">GBA857682</subfield>
    <subfield code="2">bnb</subfield>
  </datafield>
  <datafield tag="016" ind1="7" ind2=" ">
    <subfield code="a">014590530</subfield>
    <subfield code="2">Uk</subfield>
  </datafield>
  <datafield tag="020" ind1=" " ind2=" ">
    <subfield code="a">0415401682 (hardcover)</subfield>
  </datafield>
  <datafield tag="020" ind1=" " ind2=" ">
    <subfield code="a">9780415401685 (hardcover)</subfield>
  </datafield>
  <datafield tag="020" ind1=" " ind2=" ">
    <subfield code="a">0203894553 (ebook)</subfield>
  </datafield>
  <datafield tag="020" ind1=" " ind2=" ">
    <subfield code="a">9780203894552 (ebook)</subfield>
  </datafield>
  <datafield tag="035" ind1=" " ind2=" ">
    <subfield code="a">(OCoLC)ocn191090494</subfield>
  </datafield>
  <datafield tag="040" ind1=" " ind2=" ">
    <subfield code="a">DLC</subfield>
    <subfield code="c">DLC</subfield>
    <subfield code="d">BTCTA</subfield>
    <subfield code="d">BAKER</subfield>
    <subfield code="d">UKM</subfield>
    <subfield code="d">YDXCP</subfield>
    <subfield code="d">BWKUK</subfield>
    <subfield code="d">BWK</subfield>
    <subfield code="d">BWX</subfield>
    <subfield code="d">CDX</subfield>
    <subfield code="d">VP@</subfield>
    <subfield code="d">IXA</subfield>
    <subfield code="d">CDN</subfield>
    <subfield code="d">DLC</subfield>
  </datafield>
  <datafield tag="050" ind1="0" ind2="0">
    <subfield code="a">TK1055</subfield>
    <subfield code="b">.L68 2008</subfield>
  </datafield>
  <datafield tag="082" ind1="0" ind2="0">
    <subfield code="a">621.44</subfield>
    <subfield code="2">22</subfield>
  </datafield>
  <datafield tag="100" ind1="1" ind2=" ">
    <subfield code="a">Chandrasekharam, D.</subfield>
  </datafield>
  <datafield tag="245" ind1="1" ind2="0">
    <subfield code="a">Low-enthalpy geothermal resources for power generation /</subfield>
    <subfield code="c">D. Chandrasekharam, Jochen Bundschuh.</subfield>
  </datafield>
  <datafield tag="260" ind1=" " ind2=" ">
    <subfield code="a">Boca Raton [Fla.] ;</subfield>
    <subfield code="a">London :</subfield>
    <subfield code="b">CRC Press,</subfield>
    <subfield code="c">c2008.</subfield>
  </datafield>
  <datafield tag="300" ind1=" " ind2=" ">
    <subfield code="a">xix, 149 p. :</subfield>
    <subfield code="b">ill. (some col.), maps ;</subfield>
    <subfield code="c">26 cm.</subfield>
  </datafield>
  <datafield tag="500" ind1=" " ind2=" ">
    <subfield code="a">&quot;A Balkema book.&quot;</subfield>
  </datafield>
  <datafield tag="504" ind1=" " ind2=" ">
    <subfield code="a">Includes bibliographical references (p. 119-128) and indexes.</subfield>
  </datafield>
  <datafield tag="505" ind1="0" ind2=" ">
    <subfield code="a">Preface by Angela Merkel foreword 1 Introduction 2 World electricity demand and source mix forecasts 2.1 World overview 2.2 Regional electricity markets and forecasts until 2030 2.3 Regional electricity source mix and forecasts until 2030 3 Worldwide potential of low-enthalpy geothermal resources 3.1 World geothermal resources 3.2 Types of geothermal systems 3.3 Available low- and high-enthalpy geothermal resources 3.4 Actual use and developments of low- and high-enthalpy geothermal resources for power generation 3.5 Overcoming barriers to geothermal Energy 4 Low-enthalpy resources as solution for power generation and global warming mitigation 4.1 Overview 4.2 Benefits through emission reduction 4.3 Benefits of domestic geothermal resources versus fossil fuel imports 4.4 Benefits of geothermal versus hydroelectric power generation 4.5 Rural geothermal electrification using low-enthalpy geothermal resources 5 Geological, geochemical and geophysical characteristics of geothermal fields 5.1 Geological and tectonic characteristics 5.2 Geothermal systems associated with active volcanism and tectonics 5.3 Geothermal systems associated with continental collision zones 5.4 Geothermal systems within the continental rift systems associated with active volcanism 5.5 Geothermal systems associated with continental rifts 6 Geochemical methods for geothermal exploration 6.1 Geochemical techniques 6.2 Classification of geothermal waters 6.3 Chemical constituents in geothermal waters 6.4 Dissolved constituents in thermal waters 7 Geophysical methods for geothermal resources exploration 7.1 Geophysical techniques 7.1 Heat flow measurements 7.2 Electrical resistivity methods 7.3 Magnetotelluric survey 7.4 Geophysical well logging 8 Power generation techniques 8.1 Overview 8.2 Criteria for the selection of working fluid 8.3 Heat exchangers 8.4 Kalina cycle 9 Economics of power plants using low-enthalpy resources 9.1 Drilling for low-enthalpy geothermal reservoirs 9.2 Drilling cost 9.3 Drilling costs versus depth 9.4 Well productivity versus reservoir temperature 9.5 Power production vs well head temperature and flow rate 9.6 High-enthalpy versus low-enthalpy power plants 10 Small low-enthalpy geothermal projects for rural electrification 10.1 Definition of small geothermal power plants 10.2 Characterization of resources and cost reduction 10.3 Energy need for rural sector 10.4 Markets for small power plants 10.5 Advantages of small power plants 10.6 Cost of small power plants 10.7 Examples of small power plants References.</subfield>
  </datafield>
  <datafield tag="650" ind1=" " ind2="0">
    <subfield code="a">Geothermal engineering.</subfield>
  </datafield>
  <datafield tag="650" ind1=" " ind2="0">
    <subfield code="a">Geothermal resources.</subfield>
  </datafield>
  <datafield tag="700" ind1="1" ind2=" ">
    <subfield code="a">Bundschuh, Jochen.</subfield>
  </datafield>
  <datafield tag="856" ind1="4" ind2="1">
    <subfield code="3">Table of contents only</subfield>
    <subfield code="u">http://www.loc.gov/catdir/toc/ecip089/2008003160.html</subfield>
  </datafield>
</record>