
<record xmlns="http://www.loc.gov/MARC21/slim">
  <leader>01600cam a22003858i 4500</leader>
  <controlfield tag="001">17686561</controlfield>
  <controlfield tag="005">20130411140314.0</controlfield>
  <controlfield tag="008">130405s2013    enk           001 0deng  </controlfield>
  <datafield tag="906" ind1=" " ind2=" ">
    <subfield code="a">7</subfield>
    <subfield code="b">cbc</subfield>
    <subfield code="c">orignew</subfield>
    <subfield code="d">1</subfield>
    <subfield code="e">ecip</subfield>
    <subfield code="f">20</subfield>
    <subfield code="g">y-gencatlg</subfield>
  </datafield>
  <datafield tag="925" ind1="0" ind2=" ">
    <subfield code="a">acquire</subfield>
    <subfield code="b">2 shelf copies</subfield>
    <subfield code="x">policy default</subfield>
  </datafield>
  <datafield tag="955" ind1=" " ind2=" ">
    <subfield code="b">xj07 2013-04-05</subfield>
    <subfield code="c">xj07 2013-04-05 (telework)</subfield>
    <subfield code="d">xj03 2013-04-08 2013-04-11 to Dewey</subfield>
    <subfield code="w">rd05 2013-04-11</subfield>
  </datafield>
  <datafield tag="010" ind1=" " ind2=" ">
    <subfield code="a">  2013011633</subfield>
  </datafield>
  <datafield tag="020" ind1=" " ind2=" ">
    <subfield code="a">9781118641101 (cloth)</subfield>
  </datafield>
  <datafield tag="040" ind1=" " ind2=" ">
    <subfield code="a">DLC</subfield>
    <subfield code="b">eng</subfield>
    <subfield code="c">DLC</subfield>
    <subfield code="e">rda</subfield>
  </datafield>
  <datafield tag="042" ind1=" " ind2=" ">
    <subfield code="a">pcc</subfield>
  </datafield>
  <datafield tag="043" ind1=" " ind2=" ">
    <subfield code="a">e-gx---</subfield>
  </datafield>
  <datafield tag="050" ind1="0" ind2="0">
    <subfield code="a">HB3789</subfield>
    <subfield code="b">.C73 2013</subfield>
  </datafield>
  <datafield tag="082" ind1="0" ind2="0">
    <subfield code="a">943.088/3092</subfield>
    <subfield code="a">B</subfield>
    <subfield code="2">23</subfield>
  </datafield>
  <datafield tag="100" ind1="1" ind2=" ">
    <subfield code="a">Crawford, Alan.</subfield>
  </datafield>
  <datafield tag="245" ind1="1" ind2="0">
    <subfield code="a">Angela Merkel :</subfield>
    <subfield code="b">a chancellorship forged in crisis /</subfield>
    <subfield code="c">Alan Crawford and Tony Czuczka.</subfield>
  </datafield>
  <datafield tag="263" ind1=" " ind2=" ">
    <subfield code="a">1306</subfield>
  </datafield>
  <datafield tag="264" ind1=" " ind2="1">
    <subfield code="a">Chichester, West Sussex :</subfield>
    <subfield code="b">John Wiley &amp; Sons Inc.,</subfield>
    <subfield code="c">2013.</subfield>
  </datafield>
  <datafield tag="300" ind1=" " ind2=" ">
    <subfield code="a">pages cm</subfield>
  </datafield>
  <datafield tag="336" ind1=" " ind2=" ">
    <subfield code="a">text</subfield>
    <subfield code="2">rdacontent</subfield>
  </datafield>
  <datafield tag="337" ind1=" " ind2=" ">
    <subfield code="a">unmediated</subfield>
    <subfield code="2">rdamedia</subfield>
  </datafield>
  <datafield tag="338" ind1=" " ind2=" ">
    <subfield code="a">volume</subfield>
    <subfield code="2">rdacarrier</subfield>
  </datafield>
  <datafield tag="500" ind1=" " ind2=" ">
    <subfield code="a">Includes index.</subfield>
  </datafield>
  <datafield tag="505" ind1="0" ind2=" ">
    <subfield code="a">Exodus (Merkel&apos;s journey) -- Revelation (five minutes to midnight) -- Genesis (eastern roots) -- Numbers (Germany&apos;s subprime scandal).</subfield>
  </datafield>
  <datafield tag="650" ind1=" " ind2="0">
    <subfield code="a">Financial crises</subfield>
    <subfield code="z">Germany</subfield>
    <subfield code="x">History</subfield>
    <subfield code="y">21st century.</subfield>
  </datafield>
  <datafield tag="651" ind1=" " ind2="0">
    <subfield code="a">Germany</subfield>
    <subfield code="x">Economic policy</subfield>
    <subfield code="y">1990-</subfield>
  </datafield>
  <datafield tag="600" ind1="1" ind2="0">
    <subfield code="a">Merkel, Angela,</subfield>
    <subfield code="d">1954-</subfield>
  </datafield>
  <datafield tag="650" ind1=" " ind2="0">
    <subfield code="a">Heads of state</subfield>
    <subfield code="z">Germany.</subfield>
  </datafield>
  <datafield tag="700" ind1="1" ind2=" ">
    <subfield code="a">Czuczka, Tony,</subfield>
    <subfield code="d">1959-</subfield>
  </datafield>
  <datafield tag="776" ind1="0" ind2="8">
    <subfield code="i">Online version:</subfield>
    <subfield code="a">Crawford, Alan.</subfield>
    <subfield code="t">Angela Merkel</subfield>
    <subfield code="d">Chichester, West Sussex : John Wiley &amp; Sons Inc., 2013</subfield>
    <subfield code="z">9781118641071</subfield>
    <subfield code="w">(DLC) 2013015021</subfield>
  </datafield>
  <datafield tag="963" ind1=" " ind2=" ">
    <subfield code="a">Wanda Henderson; phone: 201-748-6071; email: whenders@wiley.com; bc: ccopy@wiley.com</subfield>
  </datafield>
</record>