
<record xmlns="http://www.loc.gov/MARC21/slim">
  <leader>02577cam a2200457 a 4500</leader>
  <controlfield tag="001">16896567</controlfield>
  <controlfield tag="005">20130607095112.0</controlfield>
  <controlfield tag="008">110722m20112012gw ab    bc   001 0 ger  </controlfield>
  <datafield tag="906" ind1=" " ind2=" ">
    <subfield code="a">7</subfield>
    <subfield code="b">cbc</subfield>
    <subfield code="c">origres</subfield>
    <subfield code="d">2</subfield>
    <subfield code="e">ncip</subfield>
    <subfield code="f">20</subfield>
    <subfield code="g">y-gencatlg</subfield>
  </datafield>
  <datafield tag="925" ind1="0" ind2=" ">
    <subfield code="a">acquire</subfield>
    <subfield code="b">1 shelf copy</subfield>
    <subfield code="x">policy default</subfield>
  </datafield>
  <datafield tag="955" ind1=" " ind2=" ">
    <subfield code="b">fd10 2011-08-17</subfield>
    <subfield code="a">fd00 2011-08-22 to GS/GER</subfield>
    <subfield code="i">fd13 2011-10-05 to Dewey</subfield>
    <subfield code="a">fd10 2012-12-11 Bd. 3</subfield>
    <subfield code="c">fd07 2012-12-20 Bd. 3 added</subfield>
  </datafield>
  <datafield tag="010" ind1=" " ind2=" ">
    <subfield code="a">  2011494016</subfield>
  </datafield>
  <datafield tag="020" ind1=" " ind2=" ">
    <subfield code="a">9783865686008 (set)</subfield>
  </datafield>
  <datafield tag="020" ind1=" " ind2=" ">
    <subfield code="a">9783865687425 (Bd. 3)</subfield>
  </datafield>
  <datafield tag="035" ind1=" " ind2=" ">
    <subfield code="a">(OCoLC)ocn750154599</subfield>
  </datafield>
  <datafield tag="040" ind1=" " ind2=" ">
    <subfield code="a">DLC</subfield>
    <subfield code="c">DLC</subfield>
    <subfield code="d">DLC</subfield>
  </datafield>
  <datafield tag="042" ind1=" " ind2=" ">
    <subfield code="a">pcc</subfield>
  </datafield>
  <datafield tag="050" ind1="0" ind2="0">
    <subfield code="a">NB588.N346</subfield>
    <subfield code="b">A4 2011</subfield>
  </datafield>
  <datafield tag="100" ind1="0" ind2=" ">
    <subfield code="a">Naumburger Meister,</subfield>
    <subfield code="d">active 13th century.</subfield>
  </datafield>
  <datafield tag="245" ind1="1" ind2="4">
    <subfield code="a">Der Naumburger Meister :</subfield>
    <subfield code="b">Bildhauer und Architekt im Europa der Kathedralen /</subfield>
    <subfield code="c">im Auftrag der Vereinigten Domstifter zu Merseburg und Naumburg und des Kollegialstifts Zeitz herausgegeben von Hartmut Krohm und Holger Kunde ; Gesamtredaktion, Guido Siebert.</subfield>
  </datafield>
  <datafield tag="260" ind1=" " ind2=" ">
    <subfield code="a">Petersberg :</subfield>
    <subfield code="b">M. Imhof,</subfield>
    <subfield code="c">c2011-c2012.</subfield>
  </datafield>
  <datafield tag="300" ind1=" " ind2=" ">
    <subfield code="a">3 v. :</subfield>
    <subfield code="b">ill. (some col.), maps (chiefly col.) ;</subfield>
    <subfield code="c">29 cm.</subfield>
  </datafield>
  <datafield tag="490" ind1="0" ind2=" ">
    <subfield code="a">Schriftenreihe der Vereinigten Domstifter zu Merseburg und Naumburg und des Kollegiatstifts Zeitz ;</subfield>
    <subfield code="v">Bd. 4-5</subfield>
  </datafield>
  <datafield tag="500" ind1=" " ind2=" ">
    <subfield code="a">&quot;Naumburg, 29. Juni 2011 bis 02. November 2011, Dom, Schlösschen und Stadtmuseum Hohe Lilie : Ausstellungskatalog.&quot;</subfield>
  </datafield>
  <datafield tag="500" ind1=" " ind2=" ">
    <subfield code="a">&quot;Der Ausstellung steht unter der Schirmherrschaft der Bundeskanzlerin der Bundesrepublik Deutschland, Frau Dr. Angela Merkel und des Präsidenten der Französichen Republik Herrn Nicolas Sarkozy.&quot;</subfield>
  </datafield>
  <datafield tag="500" ind1=" " ind2=" ">
    <subfield code="a">&quot;Die Landesausstellung Sachen-Anhalt 2011 wird an folgenden Standorten präsentiert: Schlösschen am Markt, Dom St. Peter und St. Paul, Stadtmuseum Hohe Lilie, Aegidienkapelle, Johanneskapelle&quot;--Vol. 1, p. 6.</subfield>
  </datafield>
  <datafield tag="500" ind1=" " ind2=" ">
    <subfield code="a">&quot;Forschungen und Beiträge zum internationalen wissenschaftlichen Kolloquium in Naumburg vom 05. bis 08. Oktober 2011&quot;--Vol. 3, t.p.</subfield>
  </datafield>
  <datafield tag="504" ind1=" " ind2=" ">
    <subfield code="a">Includes bibliographical references and index.</subfield>
  </datafield>
  <datafield tag="600" ind1="0" ind2="0">
    <subfield code="a">Naumburger Meister,</subfield>
    <subfield code="d">active 13th century</subfield>
    <subfield code="v">Exhibitions.</subfield>
  </datafield>
  <datafield tag="650" ind1=" " ind2="0">
    <subfield code="a">Sculpture, Gothic</subfield>
    <subfield code="v">Exhibitions.</subfield>
  </datafield>
  <datafield tag="650" ind1=" " ind2="0">
    <subfield code="a">Architecture, Gothic</subfield>
    <subfield code="v">Exhibitions.</subfield>
  </datafield>
  <datafield tag="700" ind1="1" ind2=" ">
    <subfield code="a">Krohm, Hartmut,</subfield>
    <subfield code="c">Dr.</subfield>
  </datafield>
  <datafield tag="700" ind1="1" ind2=" ">
    <subfield code="a">Kunde, Holger.</subfield>
  </datafield>
  <datafield tag="700" ind1="1" ind2=" ">
    <subfield code="a">Siebert, Guido.</subfield>
  </datafield>
  <datafield tag="710" ind1="2" ind2=" ">
    <subfield code="a">Vereinigte Domstifter zu Merseburg und Naumburg und des Kollegiatstifts Zeitz.</subfield>
  </datafield>
  <datafield tag="710" ind1="2" ind2=" ">
    <subfield code="a">Naumburger Dom.</subfield>
  </datafield>
  <datafield tag="710" ind1="2" ind2=" ">
    <subfield code="a">Schlösschen (Naumburg, Saxony-Anhalt, Germany)</subfield>
  </datafield>
  <datafield tag="710" ind1="2" ind2=" ">
    <subfield code="a">Stadtmuseum Hohe Lilie.</subfield>
  </datafield>
  <datafield tag="923" ind1=" " ind2=" ">
    <subfield code="d">20110720</subfield>
    <subfield code="n">0245351</subfield>
    <subfield code="s">GyWOH</subfield>
  </datafield>
  <datafield tag="923" ind1=" " ind2=" ">
    <subfield code="d">20121102</subfield>
    <subfield code="n">0289959</subfield>
    <subfield code="s">GyWOH</subfield>
  </datafield>
  <datafield tag="985" ind1=" " ind2=" ">
    <subfield code="e">VENDOR LOAD</subfield>
  </datafield>
</record>